{
  "leader": "02096cam a2200517Ia 4500",
  "fields": [
    {
      "001": "ocm76259284\\"
    },
    {
      "003": "OCoLC"
    },
    {
      "005": "20211007140704.0"
    },
    {
      "008": "061117s2006\\\\\\\\cc\\a\\\\\\\\\\\\\\\\\\\\000\\0aeng\\d"
    },
    {
      "040": {
        "ind1": "\\",
        "ind2": "\\",
        "subfields": [
          {
            "a": "WTU"
          },
          {
            "b": "eng"
          },
          {
            "c": "WTU"
          },
          {
            "d": "OCLCG"
          },
          {
            "d": "OCLCF"
          },
          {
            "d": "OCLCO"
          },
          {
            "d": "OCLCQ"
          },
          {
            "d": "OCL"
          }
        ]
      }
    },
    {
      "066": {
        "ind1": "\\",
        "ind2": "\\",
        "subfields": [
          {
            "c": "{dollar}1"
          }
        ]
      }
    },
    {
      "020": {
        "ind1": "\\",
        "ind2": "\\",
        "subfields": [
          {
            "a": "7504644102"
          }
        ]
      }
    },
    {
      "020": {
        "ind1": "\\",
        "ind2": "\\",
        "subfields": [
          {
            "a": "9787504644107"
          }
        ]
      }
    },
    {
      "035": {
        "ind1": "\\",
        "ind2": "\\",
        "subfields": [
          {
            "a": "(OCoLC)76259284"
          }
        ]
      }
    },
    {
      "041": {
        "ind1": "1",
        "ind2": "\\",
        "subfields": [
          {
            "a": "eng"
          },
          {
            "h": "chi"
          }
        ]
      }
    },
    {
      "043": {
        "ind1": "\\",
        "ind2": "\\",
        "subfields": [
          {
            "a": "a-cc---"
          }
        ]
      }
    },
    {
      "050": {
        "ind1": "\\",
        "ind2": "4",
        "subfields": [
          {
            "a": "R604.W86"
          },
          {
            "b": "A312 2006"
          }
        ]
      }
    },
    {
      "082": {
        "ind1": "0",
        "ind2": "4",
        "subfields": [
          {
            "a": "610.92"
          },
          {
            "b": "WUY"
          }
        ]
      }
    },
    {
      "100": {
        "ind1": "1",
        "ind2": "\\",
        "subfields": [
          {
            "6": "880-01"
          },
          {
            "a": "Wu, Yingkai."
          }
        ]
      }
    },
    {
      "240": {
        "ind1": "1",
        "ind2": "0",
        "subfields": [
          {
            "6": "880-02"
          },
          {
            "a": "Xue yi xing yi chuan yi 70 nian, 1927-1997."
          },
          {
            "l": "English"
          }
        ]
      }
    },
    {
      "245": {
        "ind1": "1",
        "ind2": "0",
        "subfields": [
          {
            "a": "Dr. Wu Yingkai's memoir :"
          },
          {
            "b": "seventy years (1927-1997) of studying, practicing and teaching medicine /"
          },
          {
            "c": "chief editor Lawrence W. O'Neal ; translators and co-editors Hong Chi Suen, Victoria Hong Gao."
          }
        ]
      }
    },
    {
      "250": {
        "ind1": "\\",
        "ind2": "\\",
        "subfields": [
          {
            "a": "[1st ed.]."
          }
        ]
      }
    },
    {
      "260": {
        "ind1": "\\",
        "ind2": "\\",
        "subfields": [
          {
            "a": "Beijing :"
          },
          {
            "b": "China Science and Technology Press,"
          },
          {
            "c": "2006."
          }
        ]
      }
    },
    {
      "300": {
        "ind1": "\\",
        "ind2": "\\",
        "subfields": [
          {
            "a": "viii, 238 pages :"
          },
          {
            "b": "illustrations ;"
          },
          {
            "c": "21 cm"
          }
        ]
      }
    },
    {
      "336": {
        "ind1": "\\",
        "ind2": "\\",
        "subfields": [
          {
            "a": "text"
          },
          {
            "b": "txt"
          },
          {
            "2": "rdacontent"
          }
        ]
      }
    },
    {
      "337": {
        "ind1": "\\",
        "ind2": "\\",
        "subfields": [
          {
            "a": "unmediated"
          },
          {
            "b": "n"
          },
          {
            "2": "rdamedia"
          }
        ]
      }
    },
    {
      "338": {
        "ind1": "\\",
        "ind2": "\\",
        "subfields": [
          {
            "a": "volume"
          },
          {
            "b": "nc"
          },
          {
            "2": "rdacarrier"
          }
        ]
      }
    },
    {
      "500": {
        "ind1": "\\",
        "ind2": "\\",
        "subfields": [
          {
            "6": "880-03"
          },
          {
            "a": "The English translation is based mainly on the 2nd ed. of: Xue yi xing yi chuan yi 70 nian, 1927-1997."
          }
        ]
      }
    },
    {
      "590": {
        "ind1": "\\",
        "ind2": "\\",
        "subfields": [
          {
            "a": "Library holds translations of this title in:Chinese Xue yi xing yi chuan yi 70 nian (1927-1997)."
          }
        ]
      }
    },
    {
      "600": {
        "ind1": "1",
        "ind2": "0",
        "subfields": [
          {
            "6": "880-04"
          },
          {
            "a": "Wu, Yingkai."
          }
        ]
      }
    },
    {
      "650": {
        "ind1": "\\",
        "ind2": "0",
        "subfields": [
          {
            "a": "Physicians"
          },
          {
            "z": "China"
          },
          {
            "v": "Biography."
          }
        ]
      }
    },
    {
      "600": {
        "ind1": "1",
        "ind2": "7",
        "subfields": [
          {
            "a": "Wu, Yingkai."
          },
          {
            "2": "fast"
          },
          {
            "0": "(OCoLC)fst01456059"
          }
        ]
      }
    },
    {
      "650": {
        "ind1": "\\",
        "ind2": "7",
        "subfields": [
          {
            "a": "Physicians."
          },
          {
            "2": "fast"
          },
          {
            "0": "(OCoLC)fst01062841"
          }
        ]
      }
    },
    {
      "651": {
        "ind1": "\\",
        "ind2": "7",
        "subfields": [
          {
            "a": "China."
          },
          {
            "2": "fast"
          },
          {
            "0": "(OCoLC)fst01206073"
          }
        ]
      }
    },
    {
      "655": {
        "ind1": "\\",
        "ind2": "7",
        "subfields": [
          {
            "a": "Biographies."
          },
          {
            "2": "fast"
          },
          {
            "0": "(OCoLC)fst01919896"
          }
        ]
      }
    },
    {
      "700": {
        "ind1": "1",
        "ind2": "\\",
        "subfields": [
          {
            "a": "O'Neal, Lawrence W.,"
          },
          {
            "d": "1923-"
          }
        ]
      }
    },
    {
      "700": {
        "ind1": "1",
        "ind2": "\\",
        "subfields": [
          {
            "a": "Suen, Hong Chi."
          }
        ]
      }
    },
    {
      "700": {
        "ind1": "1",
        "ind2": "\\",
        "subfields": [
          {
            "a": "Gao, Victoria Hong."
          }
        ]
      }
    },
    {
      "880": {
        "ind1": "1",
        "ind2": "\\",
        "subfields": [
          {
            "6": "100-01/{dollar}1"
          },
          {
            "a": "\u5434\u82f1\u607a."
          }
        ]
      }
    },
    {
      "880": {
        "ind1": "1",
        "ind2": "0",
        "subfields": [
          {
            "6": "240-02/{dollar}1"
          },
          {
            "a": "\u5b66\u533b\u884c\u533b\u4f20\u533b70\u5e74, 1927-1997."
          },
          {
            "l": "English"
          }
        ]
      }
    },
    {
      "880": {
        "ind1": "\\",
        "ind2": "\\",
        "subfields": [
          {
            "6": "500-03/{dollar}1"
          },
          {
            "a": "The English translation is based mainly on the 2nd ed. of: \u5b66\u533b\u884c\u533b\u4f20\u533b70\u5e74, 1927-1997."
          }
        ]
      }
    },
    {
      "880": {
        "ind1": "1",
        "ind2": "4",
        "subfields": [
          {
            "6": "600-04/{dollar}1"
          },
          {
            "a": "\u5434\u82f1\u607a."
          }
        ]
      }
    },
    {
      "994": {
        "ind1": "\\",
        "ind2": "\\",
        "subfields": [
          {
            "a": "Z0"
          },
          {
            "b": "NYRVC"
          }
        ]
      }
    },
    {
      "948": {
        "ind1": "\\",
        "ind2": "\\",
        "subfields": [
          {
            "h": "NO HOLDINGS IN NYRVC - 3 OTHER HOLDINGS"
          }
        ]
      }
    },
    {
      "999": {
        "ind1": "\\",
        "ind2": "\\",
        "subfields": [
          {
            "a": "00000000012381"
          }
        ]
      }
    },
    {
      "999": {
        "ind1": "\\",
        "ind2": "\\",
        "subfields": [
          {
            "a": "00000000012377"
          }
        ]
      }
    }
  ]
}